@Article{rosenblatt58perceptron,
  author =       {Frank Rosenblatt},
  title =        {The Perceptron: A Probabilistic Model for Information Storage and Organization in the Brain},
  journal =      {Psychological Review},
  year =         {1958},
  volume =    {65},
  pages =     {386--408},
  note =      {Reprinted in \emph{Neurocomputing} (MIT Press, 1998)}
}


@Book{mitchell97book,
  author =    {Tom M. Mitchell},
  title =        {Machine Learning},
  publisher =    {McGraw Hill},
  year =         {1997},
}


@InProceedings{brin95nn,
  author =       {Sergey Brin},
  title =        {Near neighbor search in large metric spaces},
  year =      {1995},
  booktitle = {Conference on Very Large Databases (VLDB)}
}



@article{bendavid,
  title={Analysis of representations for domain adaptation},
  author={Ben-David, Shai and Blitzer, John and Crammer, Koby and Pereira, Fernando},
  journal={Advances in neural information processing systems},
  volume={19},
  pages={137},
  year={2007},
}

@article{quinlan,
  title={Induction of decision trees},
  author={Quinlan, J. Ross},
  journal={Machine learning},
  volume={1},
  number={1},
  pages={81--106},
  year={1986},
  publisher={Springer}
}

@inproceedings{ross,
  title = {A Reduction of Imitation Learning and Structured Prediction to No-Regret Online Learning},
  author = {St\'ephane Ross and Geoff J. Gordon and J. Andrew Bagnell},
  booktitle = "Proceedings of the Workshop on Artificial Intelligence and Statistics (AIStats)",
  year = {2011}
}

@Unpublished{kaariainen,
  author =       {Matti K{\"a}{\"a}ri{\"a}inen},
  title =        {Lower bounds for reductions},
  note =         {Talk at the Atomic Learning Workshop (TTI-C)},
  month =        {March},
  year =         {2006},
}

@inproceedings{bickel,
  author = {Steffen Bickel and Michael Bruckner and Tobias Scheffer},
  title = {Discriminative Learning for Differing Training and Test Distributions},
  year = {2007},
  booktitle = "Proceedings of the International Conference on Machine Learning (ICML)"
}

@InProceedings{daume,
  author =       {Hal {Daum\'e III}},
  title =        {Frustratingly Easy Domain Adaptation},
  booktitle =    {Conference of the Association for Computational Linguistics (ACL)},
  year =         {2007},
  address =      {Prague, Czech Republic},
}


@article{friedler,
  title={On the (im)possibility of fairness},
  author={Friedler, Sorelle A and Scheidegger, Carlos and Venkatasubramanian, Suresh},
  journal={arXiv preprint arXiv:1609.07236},
  year={2016}
}


@inproceedings{hardt,
  title={Equality of opportunity in supervised learning},
  author={Hardt, Moritz and Price, Eric and Srebro, Nathan},
  booktitle={Advances in Neural Information Processing Systems},
  pages={3315--3323},
  year={2016}
}
